<record><leader>00000cas a22000007a 4500</leader><controlfield tag="001">11277071</controlfield><controlfield tag="008">841017d18661869ohudn ne      0    0eng d</controlfield><controlfield tag="009">3783</controlfield><datafield ind1=" " ind2=" " tag="010"><subfield code="a">sn 84028629 </subfield></datafield><datafield ind1=" " ind2=" " tag="040"><subfield code="a">NPY</subfield><subfield code="b">eng</subfield><subfield code="c">NPY</subfield><subfield code="d">NPX</subfield><subfield code="d">DLC</subfield><subfield code="d">ONP</subfield><subfield code="d">HUL</subfield><subfield code="d">OCLCQ</subfield><subfield code="d">DLC</subfield><subfield code="d">OCLCF</subfield></datafield><datafield ind1=" " ind2=" " tag="042"><subfield code="a">msc</subfield></datafield><datafield ind1=" " ind2=" " tag="043"><subfield code="a">n-us-oh</subfield></datafield><datafield ind1="0" ind2="0" tag="050"><subfield code="a">Newspaper</subfield></datafield><datafield ind1="0" ind2=" " tag="130"><subfield code="a">Morning journal (Columbus, Ohio)</subfield></datafield><datafield ind1="1" ind2="4" tag="245"><subfield code="a">The Morning journal.</subfield></datafield><datafield ind1="1" ind2="3" tag="246"><subfield code="a">Ohio State journal</subfield></datafield><datafield ind1=" " ind2=" " tag="260"><subfield code="a">Columbus, Ohio :</subfield><subfield code="b">Comly, Miller &amp; Smith,</subfield><subfield code="c">1866-1869.</subfield></datafield><datafield ind1=" " ind2=" " tag="300"><subfield code="a">v.</subfield></datafield><datafield ind1=" " ind2=" " tag="310"><subfield code="a">Daily (except Sun.)</subfield></datafield><datafield ind1="0" ind2=" " tag="362"><subfield code="a">Vol. 29, no. 108 (Nov. 17, 1866)-v. 31, no. 145 (Aug. 14, 1869).</subfield></datafield><datafield ind1=" " ind2=" " tag="530"><subfield code="a">Also available on microfilm from the Library of Congress Photoduplication Service and from UMI.</subfield></datafield><datafield ind1=" " ind2=" " tag="580"><subfield code="a">Triweekly eds.: Tri-weekly Ohio State journal; and: Tri-weekly journal (Columbus, Ohio).</subfield></datafield><datafield ind1=" " ind2=" " tag="580"><subfield code="a">Weekly eds: Weekly Ohio State journal (Columbus, Ohio : 1858), 1866-186u; and: Ohio State journal (Columbus, Ohio : 1867 : Weekly), 186u-1869.</subfield></datafield><datafield ind1=" " ind2="0" tag="651"><subfield code="a">Columbus (Ohio)</subfield><subfield code="v">Newspapers.</subfield></datafield><datafield ind1=" " ind2="0" tag="651"><subfield code="a">Franklin County (Ohio)</subfield><subfield code="v">Newspapers.</subfield></datafield><datafield ind1=" " ind2="7" tag="655"><subfield code="a">Newspapers.</subfield><subfield code="2">fast</subfield><subfield code="0">(OCoLC)fst01423814</subfield></datafield><datafield ind1=" " ind2="7" tag="651"><subfield code="a">Ohio</subfield><subfield code="z">Columbus.</subfield><subfield code="2">fast</subfield><subfield code="0">(OCoLC)fst01205076</subfield></datafield><datafield ind1=" " ind2="7" tag="651"><subfield code="a">Ohio</subfield><subfield code="z">Franklin County.</subfield><subfield code="2">fast</subfield><subfield code="0">(OCoLC)fst01209686</subfield></datafield><datafield ind1=" " ind2=" " tag="752"><subfield code="a">United States</subfield><subfield code="b">Ohio</subfield><subfield code="c">Franklin</subfield><subfield code="d">Columbus.</subfield></datafield><datafield ind1="1" ind2=" " tag="775"><subfield code="t">Tri-weekly Ohio State journal</subfield><subfield code="w">(DLC)sn 84028632</subfield><subfield code="w">(OCoLC)11279743</subfield></datafield><datafield ind1="1" ind2=" " tag="775"><subfield code="t">Tri-weekly journal (Columbus, Ohio)</subfield><subfield code="w">(DLC)sn 84028633</subfield></datafield><datafield ind1="1" ind2=" " tag="775"><subfield code="t">Weekly Ohio State journal (Columbus, Ohio : 1858)</subfield><subfield code="w">(DLC)sn 85025899</subfield></datafield><datafield ind1="1" ind2=" " tag="775"><subfield code="t">Ohio State journal (Columbus, Ohio : 1867 : Weekly)</subfield><subfield code="w">(DLC)sn 88077801</subfield></datafield><datafield ind1="0" ind2="0" tag="780"><subfield code="t">Columbus morning journal</subfield><subfield code="w">(DLC)sn 84028628</subfield><subfield code="w">(OCoLC)11276961</subfield></datafield><datafield ind1="0" ind2="0" tag="785"><subfield code="t">Ohio State journal (Columbus, Ohio : 1869)</subfield><subfield code="w">(DLC)sn 84028630</subfield><subfield code="w">(OCoLC)11277164</subfield></datafield></record>